 @misc{ birch,
   author = "Wikimedia Commons",
   title = "File:Birch bark MS from Kashmir of the Rupavatra Wellcome L0032691.jpg --- Wikimedia Commons{,} the free media repository",
   year = "2020",
   url = "\url{https://commons.wikimedia.org/w/index.php?title=File:Birch_bark_MS_from_Kashmir_of_the_Rupavatra_Wellcome_L0032691.jpg&oldid=472535897}",
   note = "[Online; accessed 8-November-2020]"
 }
 @misc{ EDSAC,
   author = "Wikimedia Commons",
   title = "File:EDSAC (19).jpg --- Wikimedia Commons{,} the free media repository",
   year = "2020",
   url = "\url{https://commons.wikimedia.org/w/index.php?title=File:EDSAC_(19).jpg&oldid=504634746}",
   note = "[Online; accessed 8-November-2020]"
 }
 @misc{ naur,
   author = "Wikimedia Commons",
   title = "File:Peternaur.JPG --- Wikimedia Commons{,} the free media repository",
   year = "2020",
   url = "\url{https://commons.wikimedia.org/w/index.php?title=File:Peternaur.JPG&oldid=453818722}",
   note = "[Online; accessed 8-November-2020]"
 }