@article{backus1960report,
  title={Report on the algorithmic language ALGOL 60},
  author={Backus, John W and Bauer, Friedrich L and Green, Julien and Katz, Charles and McCarthy, John and Naur, Peter and Perlis, Alan J and Rutishauser, Heinz and Samelson, Klaus and Vauquois, Bernard and others},
  journal={Numerische Mathematik},
  volume={2},
  number={1},
  pages={106--136},
  year={1960},
  publisher={Springer}
}